@article{lol,
author = {Santa Claus},
title = {No m√°s regalos},
year = 2009,
journal = {Journal of the North Pole},
volume = 32,
number = 2,
pages = {12--23}
}