@article{Yessica,
author = {{Y}essica {R}eyna {F}ern\'andez},
title = {Pr\'actica 1, {M}ovimiento {B}rowniano},
year = {2018},
pages = {1--5},
url = {https://sourceforge.net/projects/simulacion-de-sistemas/}
}

@article{WA,
author = {{W}olfram {A}lpha},
title = {{C}ompute expert-level answers using {W}olfram's breakthrough
algorithms, knowledgebase and {AI} technology},
year = {2019},
url= {https://www.wolframalpha.com/}
}

@article{ggplot2,
author = {{Wickham, H.}},
title = {{Ggplot2: Elegant graphics for data analysis.}},
year = {2016},
url= {https://ggplot2.tidyverse.org/}
}

@article{kruskal,
author = {{Minitab Inc}},
title = {{Interpret the key results for Kruskal-Wallis Test}},
year = {2019},
url= {https://support.minitab.com/en-us/minitab-express/1/help-and-how-to/modeling-statistics/anova/how-to/kruskal-wallis-test/interpret-the-results/key-results/}
}

@article{SatuP1,
author = {{S}atu {E}lisa {S}chaeffer},
title = {{P}r\'actica 1: {M}ovimiento {B}rowniano},
year = {2019},
url= {https://elisa.dyndns-web.com/teaching/comp/par/p1.html}
}

@article{SatuP2,
author = {{S}atu {E}lisa {S}chaeffer},
title = {{P}r\'actica 2: {A}ut\'omata {C}elular},
year = {2019},
url= {https://elisa.dyndns-web.com/teaching/comp/par/p2.html}
}

@article{SatuP3,
author = {{S}atu {E}lisa {S}chaeffer},
title = {Pr\'actica 3: {T}eor\'ia de colas},
year = {2019},
url= {https://elisa.dyndns-web.com/teaching/comp/par/p3.html}
}

@article{SatuP4,
author = {{{S}chaeffer, {E}}},
title = {Pr\'actica 4: {D}iagramas de Voronoi},
year = {2019},
url= {https://elisa.dyndns-web.com/teaching/comp/par/p4.html}
}

@article{SatuP5,
author = {{{S}chaeffer, {E}}},
title = {Pr\'actica 5: {M}\'etodo {M}onte - {C}arlo},
year = {2019},
url= {https://elisa.dyndns-web.com/teaching/comp/par/p5.html}
}

@article{SatuP6,
author = {{{S}chaeffer, {E}}},
title = {Pr\'actica 6: {S}istema multiagente},
year = {2019},
url= {https://elisa.dyndns-web.com/teaching/comp/par/p6.html}
}


@article{Primes,
title = {{T}he first fifty million primes},
year = {2019},
url = {https://primes.utm.edu/lists/small/millions/}
}

@article{Astrid2,
author = {{A}strid {G}onz\'alez},
title = {Pr\'actica 2: {A}ut\'omata {C}elular},
year = {2018},
pages = {1--3},
url = {https://sourceforge.net/projects/simulacion-de-sistemas/}
}

@article{Astrid3,
author = {{A}strid {G}onz\'alez},
title = {Pr\'actica 3: {T}eor\'ia de colas},
year = {2018},
pages = {1--3},
url = {https://sourceforge.net/projects/simulacion-de-sistemas/}
}

@article{AC,
author = {{F}ernando {S}ancho {C}aparrini},
title = {{A}ut\'omatas {C}elulares},
year = {2016},
url = {http://www.cs.us.es/~fsancho/?e=66}
}

@article{JuegoVida,
author = {{E}ric {W}eisstein},
title = {{G}ame of {L}ife â€” {W}olfram {M}athworld},
year = {2017},
url = {http://mathworld.wolfram.com/GameofLife.html}
}

@article{R,
title = {{T}he {R} {P}roject for {S}tatistical {C}omputing},
year = {2019},
url= {https://www.r-project.org/}
}

@article{Giphy,
title = {{G}iphy},
year = {2019},
url= {https://giphy.com/create/gifmaker}
}