@article{Yessica,
author = {{Y}essica {R}eyna {F}ern\'andez},
title = {Pr\'actica 1, {M}ovimiento {B}rowniano},
year = {2018},
pages = {1--5},
url = {https://sourceforge.net/projects/simulacion-de-sistemas/}
}

@article{SatuP1,
author = {{S}atu {E}lisa {S}chaeffer},
title = {{P}r\'actica 1: {M}ovimiento {B}rowniano},
year = {2019},
url= {https://elisa.dyndns-web.com/teaching/comp/par/p1.html}
}

@article{SatuP2,
author = {{S}atu {E}lisa {S}chaeffer},
title = {{P}r\'actica 2: {A}ut\'omata {C}elular},
year = {2019},
url= {https://elisa.dyndns-web.com/teaching/comp/par/p2.html}
}

@article{SatuP3,
author = {{S}atu {E}lisa {S}chaeffer},
title = {Pr\'actica 3: {T}eor\'ia de colas},
year = {2019},
url= {https://elisa.dyndns-web.com/teaching/comp/par/p3.html}
}

@article{SatuP4,
author = {{{S}chaeffer, {E}}},
title = {Pr\'actica 4: {D}iagramas de Voronoi},
year = {2019},
url= {https://elisa.dyndns-web.com/teaching/comp/par/p4.html}
}

@article{Primes,
title = {{T}he first fifty million primes},
year = {2019},
url = {https://primes.utm.edu/lists/small/millions/}
}

@article{Astrid2,
author = {{A}strid {G}onz\'alez},
title = {Pr\'actica 2: {A}ut\'omata {C}elular},
year = {2018},
pages = {1--3},
url = {https://sourceforge.net/projects/simulacion-de-sistemas/}
}

@article{Astrid3,
author = {{A}strid {G}onz\'alez},
title = {Pr\'actica 3: {T}eor\'ia de colas},
year = {2018},
pages = {1--3},
url = {https://sourceforge.net/projects/simulacion-de-sistemas/}
}

@article{AC,
author = {{F}ernando {S}ancho {C}aparrini},
title = {{A}ut\'omatas {C}elulares},
year = {2016},
url = {http://www.cs.us.es/~fsancho/?e=66}
}

@article{JuegoVida,
author = {{E}ric {W}eisstein},
title = {{G}ame of {L}ife â€” {W}olfram {M}athworld},
year = {2017},
url = {http://mathworld.wolfram.com/GameofLife.html}
}

@article{R,
title = {{T}he {R} {P}roject for {S}tatistical {C}omputing},
year = {2019},
url= {https://www.r-project.org/}
}

@article{Giphy,
title = {{G}iphy},
year = {2019},
url= {https://giphy.com/create/gifmaker}
}